@book{NocedalWright2006,
    author    = {Nocedal, Jorge and Wright, Stephen J.},
    title     = {Numerical Optimization},
    publisher = {Springer},
    year      = {2006},
    edition   = {2},
    isbn      = {978-0-387-30303-1},
    doi       = {10.1007/978-0-387-40065-5},
    note      = {Section 8.5 discusses comparison of quasi-Newton methods}
}

@article{Powell1986,
    author  = {Powell, M. J. D.},
    title   = {How Bad Are the BFGS and DFP Methods When the Objective Function Is Quadratic?},
    journal = {Mathematical Programming},
    volume  = {34},
    number  = {1},
    pages   = {34--47},
    year    = {1986},
    doi     = {10.1007/BF01582161}
}

@article{Byrd1989,
    author  = {Byrd, Richard H. and Nocedal, Jorge},
    title   = {A Tool for the Analysis of Quasi-{N}ewton Methods with Application to Unconstrained Minimization},
    journal = {SIAM Journal on Numerical Analysis},
    volume  = {26},
    number  = {3},
    pages   = {727--739},
    year    = {1989},
    doi     = {10.1137/0726042}
}

@book{Fletcher2000,
    author    = {Fletcher, Roger},
    title     = {Practical Methods of Optimization},
    publisher = {John Wiley \& Sons},
    year      = {2000},
    edition   = {2},
    isbn      = {978-0471494638},
    note      = {Discusses relative performance of quasi-Newton methods}
}

@book{luenberger1984linear,
    author    = {Luenberger, David G.},
    title     = {Linear and Nonlinear Programming},
    publisher = {Addison-Wesley},
    year      = {1984},
    edition   = {2},
    isbn      = {978-0201157946}
}

@article{dahlquist1956,
  author  = {Germund Dahlquist},
  title   = {Convergence and Stability in the Numerical Integration of Ordinary Differential Equations},
  journal = {Math. Scand.},
  year    = {1956},
  volume  = {4},
  pages   = {33--53}
}

@book{Axe94,
  author    = {Olof Axelsson},
  title     = {Iterative Solution Methods},
  publisher = {Cambridge University Press},
  year      = {1994},
  isbn      = {978-0521431154}
}

